<record><leader>00000cas a2200000 a 4500</leader><controlfield tag="001">25758327</controlfield><controlfield tag="008">920504d1uuu1911iluwr ne      0    0eng c</controlfield><datafield ind1=" " ind2=" " tag="010"><subfield code="a">sn 92053194 </subfield></datafield><datafield ind1=" " ind2=" " tag="040"><subfield code="a">NVF</subfield><subfield code="b">eng</subfield><subfield code="c">NVF</subfield><subfield code="d">OCLCQ</subfield><subfield code="d">CVF</subfield><subfield code="d">NVF</subfield><subfield code="d">OCLCQ</subfield><subfield code="d">OCLCF</subfield><subfield code="d">OCLCO</subfield></datafield><datafield ind1="1" ind2=" " tag="029"><subfield code="a">AU@</subfield><subfield code="b">000020742739</subfield></datafield><datafield ind1=" " ind2=" " tag="042"><subfield code="a">pcc</subfield></datafield><datafield ind1=" " ind2=" " tag="043"><subfield code="a">n-us-il</subfield></datafield><datafield ind1="0" ind2="4" tag="245"><subfield code="a">The Weekly fair-dealer.</subfield></datafield><datafield ind1=" " ind2=" " tag="260"><subfield code="a">Ottawa, Ill. :</subfield><subfield code="b">Hendershot, Higgins &amp; Co.,</subfield><subfield code="c">-1911.</subfield></datafield><datafield ind1=" " ind2=" " tag="300"><subfield code="a">v.</subfield></datafield><datafield ind1=" " ind2=" " tag="310"><subfield code="a">Weekly</subfield></datafield><datafield ind1="0" ind2=" " tag="362"><subfield code="a">-v. 19, no. 9 (Feb. 3, 1911).</subfield></datafield><datafield ind1=" " ind2=" " tag="588"><subfield code="a">Description based on: Vol. 9, no. 29 (June 28, 1901).</subfield></datafield><datafield ind1=" " ind2="0" tag="651"><subfield code="a">Ottawa (Ill.)</subfield><subfield code="v">Newspapers.</subfield></datafield><datafield ind1=" " ind2="7" tag="655"><subfield code="a">Newspapers.</subfield><subfield code="2">fast</subfield><subfield code="0">(OCoLC)fst01423814</subfield></datafield><datafield ind1=" " ind2="7" tag="651"><subfield code="a">Illinois</subfield><subfield code="z">Ottawa.</subfield><subfield code="2">fast</subfield><subfield code="0">(OCoLC)fst01226738</subfield></datafield><datafield ind1=" " ind2=" " tag="752"><subfield code="a">United States</subfield><subfield code="b">Illinois</subfield><subfield code="c">La Salle</subfield><subfield code="d">Ottawa.</subfield></datafield><datafield ind1="0" ind2="0" tag="785"><subfield code="t">Ottawa fair dealer</subfield><subfield code="w">(DLC)sn 92053195</subfield><subfield code="w">(OCoLC)25758376</subfield></datafield></record>